@DocuShare{Document-28382,
  author =  { \v{Z}eljko Ivezi{\'c} and Lynne Jones and Tiago Ribeiro},
  title =        "{Call for White Papers on LSST Cadence Optimization}",
  year =         2018,
  month =        jun,
  handle =       {Document-28382}
}

@DocuShare{Document-27962,
  author =  {Jim Bosch},
  title =        "{DM Plans for Crowded Star Fields}",
  year =         2018,
  month =        apr,
  handle =       {Document-27962}
}
